<?xml version="1.0" encoding="UTF-8"?><collection><record><leader>06731ntm a2200565 a 4500</leader><controlfield tag="001">006491327</controlfield><controlfield tag="003">MiAaHDL</controlfield><controlfield tag="005">20190719000000.0</controlfield><controlfield tag="006">m        d        </controlfield><controlfield tag="007">cr bn ---auaua</controlfield><controlfield tag="008">090424s15uu    xx            00| ||ara d</controlfield><datafield tag="035" ind1=" " ind2=" "><subfield code="a">(MiU)006491327</subfield></datafield><datafield tag="035" ind1=" " ind2=" "><subfield code="a">sdr-miu006491327</subfield></datafield><datafield tag="040" ind1=" " ind2=" "><subfield code="a">MiU</subfield><subfield code="c">MiU</subfield><subfield code="e">amremm</subfield></datafield><datafield tag="043" ind1=" " ind2=" "><subfield code="a">n-us-mi</subfield></datafield><datafield tag="100" ind1="1" ind2=" "><subfield code="6">880-01</subfield><subfield code="a">Maḥbūbī, ʻUbayd Allāh ibn Masʻūd,</subfield><subfield code="d">-1346 or 1347.</subfield></datafield><datafield tag="240" ind1="1" ind2="0"><subfield code="6">880-02</subfield><subfield code="a">Sharḥ al-Wiqāyah</subfield></datafield><datafield tag="245" ind1="1" ind2="0"><subfield code="6">880-03</subfield><subfield code="a">Ḥall al-mawāḍiʻ al-mughlaqah min Wiqāyat al-riwāyah min masāʼil al-Hidāyah,</subfield><subfield code="f">[16th century].</subfield></datafield><datafield tag="246" ind1="3" ind2=" "><subfield code="i">From inscription on fore-edge:</subfield><subfield code="a">صدر الشريعة</subfield></datafield><datafield tag="246" ind1="3" ind2=" "><subfield code="i">From inscription on p.5:</subfield><subfield code="a">كتاب صدر الشريعة</subfield></datafield><datafield tag="260" ind1=" " ind2=" "><subfield code="c">[15--].</subfield></datafield><datafield tag="300" ind1=" " ind2=" "><subfield code="a">178 leaves :</subfield><subfield code="b">paper ;</subfield><subfield code="c">298 x 105 (193 x 111) mm. bound to 298 x 210 mm.</subfield></datafield><datafield tag="500" ind1=" " ind2=" "><subfield code="a">Shelfmark: Ann Arbor, University of Michigan, Special Collections Library, Isl. Ms. 96</subfield></datafield><datafield tag="500" ind1=" " ind2=" "><subfield code="a">Origin: Lacks dated colophon ; paper suggests 16th century. Dated note on p.5 may provide a rough terminus ante quem of 1579-1580.</subfield></datafield><datafield tag="500" ind1=" " ind2=" "><subfield code="a">Accompanying materials: Several slips with notes (paginated pp.51-52, pp.55-56, pp.61-62, pp.73-74, pp.95-96, pp.97-98).</subfield></datafield><datafield tag="500" ind1=" " ind2=" "><subfield code="a">Former shelfmark: British Museum, London "No. 144. Sharh al-Wikayah."</subfield></datafield><datafield tag="500" ind1=" " ind2=" "><subfield code="a">Binding: Pasteboards covered in dark red-brown leather with repairs/reinforcements in red leather over spine and edges/turn-ins ; Type III binding (without flap, though textblock shows signs of having once been covered in a Type II binding, with flap) ; board linings in paper ; upper and lower covers bear blind-stamped scalloped mandorla with floral vegetal composition (compare Déroche class. OAi 5) and tooled accents ; sewn mainly in light blue thread, latter quires in red, two stations ; worked endbands in light blue and cream ; in poor condition with significant abrasion, staining, lifting and losses of leather, delamination of boards, flap detached at lower cover, etc.</subfield></datafield><datafield tag="500" ind1=" " ind2=" "><subfield code="a">Support: Assortment of European and non-European laid papers ; European laid paper with 8 laid lines per cm. (horizontal) and chain lines spaced 28-30 mm. apart (vertical) ; watermarks include anchor in circle with star above (compare Piccard no.119016) and angel in circle with flower or star above (compare Piccard no.21417) ; non-European laid paper with chain lines grouped in threes is quite well-burnished ; much staining throughout ; some leather burn ; numerous repairs.</subfield></datafield><datafield tag="500" ind1=" " ind2=" "><subfield code="a">Decoration: Section headings, keywords and abbreviations rubricated ; overlining in black and red.</subfield></datafield><datafield tag="500" ind1=" " ind2=" "><subfield code="a">Script: Naskh-nastaʻlīq ; virtually serifless ; mainly closed counters ; effect of words descending to baseline, occasionally more exaggerated ; occasional extension of horizontal strokes ; final nūn often forming full circle with point at center.</subfield></datafield><datafield tag="500" ind1=" " ind2=" "><subfield code="a">Layout: Written in 23 lines per page ; frame-ruled.</subfield></datafield><datafield tag="500" ind1=" " ind2=" "><subfield code="a">Collation: II (4), IV+1 (13), 5 IV(53), 2 V(73), IV-1 (80), 3 IV(104), III (110), V (120), V+1 (131), 5 IV(171), IV-1 (178), ii ; chiefly quaternions ; catchwords present, though often cutoff ; foliation in black ink, Hindu-Arabic numerals ; pagination in pencil, Western numerals, supplied during digitization (includes inserts and back flyleaves, skips two pages between pp.235-236).</subfield></datafield><datafield tag="500" ind1=" " ind2=" "><subfield code="a">Explicit: "لدفع الخروج واسواق المسلمين لا يخلو عن المسروق والمغصوب والمحرم ومع ذلك يباح التناول اعتمادا على الغائب [الغالب؟] . تم الكتاب بعون الله الملك الوهاب واليه المرجع والمآب والحمد لله رب العالمين وصلى الله على سيدنا محمد واله اجمعين يا رب العالمخين امين معين"</subfield></datafield><datafield tag="500" ind1=" " ind2=" "><subfield code="a">Incipit: "الحمد لله رب العالمين والصلوة على خير خلقه محمد واله اجمعين يقول العبد المتوسل الى الله تعالى باقوى الذريعة عبيد الله بن مسعود بن تاج الشريعة بن محمود ... هذا حل المواضع المغلقة من وقاية الرواية من مسائل الهداية التى الفها جدي واستاذي الاعظم استاذ علماء العالم برهان الشريعة والحق والدين محمود بن صدر الشريعة ..."</subfield></datafield><datafield tag="500" ind1=" " ind2=" "><subfield code="a">Title from opening (p.8).</subfield></datafield><datafield tag="500" ind1=" " ind2=" "><subfield code="a">Ms. codex.</subfield></datafield><datafield tag="510" ind1="4" ind2=" "><subfield code="a">Brockelmann, C. GAL,</subfield><subfield code="c">II, 214 ; I, 376 (I, cmt. a) ; SI, 646</subfield></datafield><datafield tag="520" ind1="8" ind2=" "><subfield code="a">Well-annoted copy of the commentary by Ṣadr al-Sharīʻah al-Aṣghar (al-Thānī) ʻUbayd Allāh ibn Masʻūd al-Maḥbūbī on Wiqāyat al-riwāyah fī masāʼil al-Hidāyah, a work on fiqh by the author's grandfather, Maḥmūd ibn Ṣadr al-Sharīʻah al-Maḥbūbī (d. 1274 or 5), itself an epitome on the celebrated work of Ḥanafī fiqh, al-Hidāyah by ʻAlī ibn Abī Bakr al-Marghīnānī (d. 1196 or 7).</subfield></datafield><datafield tag="538" ind1=" " ind2=" "><subfield code="a">Mode of access: Internet.</subfield></datafield><datafield tag="541" ind1=" " ind2=" "><subfield code="c">Purchase ;</subfield><subfield code="a">Acquired by purchase along with Abdul Hamid Collection (funds donated by Horace Rackham).</subfield><subfield code="d">1924.</subfield></datafield><datafield tag="546" ind1=" " ind2=" "><subfield code="a">Arabic.</subfield></datafield><datafield tag="561" ind1=" " ind2=" "><subfield code="a">Bookplate of British Museum, London on interior of upper cover, "British Museum, London. No. 144. Sharh al-Wikayah." ; circular seal impression with figure of goat/gazelle in purple ink as well as inscription "104" in Western numerals on recto of opening leaf carrying table of contents (p.1) ; ownership statements in the name of one Ḥasan, a mudarris, appearing on recto of opening leaf carrying table of contents (p.1, accompanying exerpt) and at close of text on p.366 read "...الفقير حسن المدرس في مدرسة دار العلم" and "لكاتبه الفقير حسن المشهور [ب...؟] المدرس" ; note on p.5 (difficult to make out) appears to be dated ۹۸۷ [1579-1580] ; hexagonal seal impression (illegible) on p.5 and on p.365 ; extensive marginal and interlinear glosses ; occasional corrections.</subfield></datafield><datafield tag="600" ind1="1" ind2="0"><subfield code="a">Marghīnānī, ʻAlī ibn Abī Bakr,</subfield><subfield code="d">d. 1196 or 7.</subfield><subfield code="t">Hidāyah.</subfield></datafield><datafield tag="600" ind1="1" ind2="0"><subfield code="a">Burhān al-Sharīʻah, Maḥmūd ibn ʻUbayd Allāh,</subfield><subfield code="d">d. 1274 or 5.</subfield><subfield code="t">Wiqāyat al-riwāyah.</subfield></datafield><datafield tag="650" ind1=" " ind2="0"><subfield code="a">Manuscripts, Arabic</subfield><subfield code="z">Michigan</subfield><subfield code="z">Ann Arbor.</subfield></datafield><datafield tag="650" ind1=" " ind2="0"><subfield code="a">Hanafites</subfield><subfield code="v">Early works to 1800.</subfield></datafield><datafield tag="650" ind1=" " ind2="0"><subfield code="a">Islamic law</subfield><subfield code="v">Early works to 1800.</subfield></datafield><datafield tag="773" ind1="0" ind2=" "><subfield code="a">Tiflis Collection.</subfield></datafield><datafield tag="880" ind1="1" ind2="0"><subfield code="6">245-03/</subfield><subfield code="a">حل المواضع المغلقة من وقاية الرواية من مسائل الهداية,</subfield><subfield code="f">[القرن 15م].</subfield></datafield><datafield tag="880" ind1="1" ind2="0"><subfield code="6">240-02/</subfield><subfield code="a">شرح الوقاية</subfield></datafield><datafield tag="880" ind1="1" ind2=" "><subfield code="6">100-01/</subfield><subfield code="a">محبوبي، عبيد الله بن مسعود.</subfield></datafield><datafield tag="CID" ind1=" " ind2=" "><subfield code="a">006491327</subfield></datafield><datafield tag="DAT" ind1="0" ind2=" "><subfield code="a">20190719102634.0</subfield><subfield code="b">20190719000000.0</subfield></datafield><datafield tag="DAT" ind1="1" ind2=" "><subfield code="a">20190719090653.0</subfield><subfield code="b">2019-07-19T16:11:01Z</subfield></datafield><datafield tag="DAT" ind1="2" ind2=" "><subfield code="a">2015-10-10T18:00:06Z</subfield></datafield><datafield tag="CAT" ind1=" " ind2=" "><subfield code="a">SDR-MIU</subfield><subfield code="d">EX LIBRIS - ALEPH</subfield><subfield code="l">prepare.pl-004-008</subfield></datafield><datafield tag="FMT" ind1=" " ind2=" "><subfield code="a">BK</subfield></datafield><datafield tag="HOL" ind1=" " ind2=" "><subfield code="0">sdr-miu006491327</subfield><subfield code="a">MiU</subfield><subfield code="b">SDR</subfield><subfield code="c">MIU</subfield><subfield code="p">mdp.39015079124718</subfield><subfield code="s">MIU</subfield><subfield code="1">006491327</subfield></datafield><datafield tag="974" ind1=" " ind2=" "><subfield code="b">MIU</subfield><subfield code="c">MIU</subfield><subfield code="d">20190719</subfield><subfield code="s">lit-dlps-dc</subfield><subfield code="u">mdp.39015079124718</subfield><subfield code="y">1599</subfield><subfield code="r">pd</subfield><subfield code="q">bib</subfield><subfield code="t">non-US bib date1 &lt; 1896</subfield></datafield></record></collection>